@book{hayt1986engineering,
  title={Engineering circuit analysis},
  author={Hayt, William Hart and Kemmerly, Jack Ellsworth and Durbin, Steven M},
  year={1986},
  publisher={McGraw-Hill New York}
}

@book{datasheet,
  title={Cree 5-mm Round LED Datasheet, C503B-BCS/BCN/GCS/GCN},
  author={Cree, Inc},
  year={2014},
  url={https://www.cree.com/led-components/media/documents/C503B-BAS-BAN-BCS-BCN-GAS-GAN-GCS-GCN-1094.pdf}
}